@inproceedings{genesis-paper,
  added-at = {2019-09-16T00:00:00.000+0200},
  author = {Badertscher, Christian and Gazi, Peter and Kiayias, Aggelos and Russell, Alexander and Zikas, Vassilis},
  biburl = {https://www.bibsonomy.org/bibtex/2b8075caac5f4b947a95913005a4c9ab9/dblp},
  booktitle = {ACM Conference on Computer and Communications Security},
  editor = {Lie, David and Mannan, Mohammad and Backes, Michael and Wang, XiaoFeng},
  ee = {https://doi.org/10.1145/3243734.3243848},
  interhash = {f9d67f9485533b9d4e7882b8ca0e8e9d},
  intrahash = {b8075caac5f4b947a95913005a4c9ab9},
  isbn = {978-1-4503-5693-0},
  keywords = {dblp},
  pages = {913-930},
  publisher = {ACM},
  timestamp = {2020-11-11T11:38:38.000+0100},
  title = {{Ouroboros Genesis: Composable Proof-of-Stake Blockchains with Dynamic Availability.}},
  url = {http://dblp.uni-trier.de/db/conf/ccs/ccs2018.html#BadertscherGKRZ18},
  year = 2018
}

@misc{cardano-consensus-tr,
  title = {{The Cardano Consensus and Storage Layer - An IOHK Technical Report}},
  author = {de Vries, Edsko and Winant, Thomas and Coutts, Duncan},
  url = {https://hydra.iohk.io/build/5657932/download/1/report.pdf}
}

@misc{genesis-praos-parametrization,
  title = {{Ouroboros Praos/Genesis Parametrization Notes (For Internal Use Only)}},
  author = {IOHK},
  url = {https://docs.google.com/document/d/1B8BNMx8jVWRjYiUBOaI3jfZ7dQNvNTSDODvT5iOuYCU/edit#}
}

